;; Account: Liabilities:CreditCard:Amex
;; Date: 2025-03-20
;; Name: amex_qbo.activity.qbo

2025-03-19 * "DISNEY PLUS WALTDISNEYCO" "DISNEY PLUS WALTDISNEYCO"
  id: "AT250790074000010001234"
  type: "DEBIT"
  memo: "LINA HANSEN-81023"
  Liabilities:CreditCard:Amex  -49.00 NOK

2025-03-19 * "VIPPS *CAFE LAUNDROMAT OSLO" "VIPPS *CAFE LAUNDROMAT OSLO"
  id: "AT250790024000010009876"
  type: "DEBIT"
  memo: "LINA HANSEN-81023"
  Liabilities:CreditCard:Amex  -285.00 NOK

2025-03-19 * "REMA 1000 TORSHOV OSLO" "REMA 1000 TORSHOV OSLO"
  id: "AT250790024000010008765"
  type: "DEBIT"
  memo: "LINA HANSEN-81023"
  Liabilities:CreditCard:Amex  -512.60 NOK

2025-03-19 * "KIWI SAGENE OSLO" "KIWI SAGENE OSLO"
  id: "AT250790024000010007654"
  type: "DEBIT"
  memo: "LINA HANSEN-81023"
  Liabilities:CreditCard:Amex  -78.50 NOK

2025-03-19 * "REFUND: SCANDIC HOTELS OSLO" "REFUND: SCANDIC HOTELS OSLO"
  id: "AT250790024000010005432"
  type: "CREDIT"
  memo: "LINA HANSEN-81023"
  Liabilities:CreditCard:Amex  1200.00 NOK

2025-03-20 * "SPOTIFY PREMIUM SPOTIFYPAY" "SPOTIFY PREMIUM SPOTIFYPAY"
  id: "AT3456"
  type: "DEBIT"
  memo: "LINA HANSEN-81023"
  Liabilities:CreditCard:Amex  -895.45 NOK

2025-03-20 * "VINMONOPOLET GRUNERLOKKA OSLO" "VINMONOPOLET GRUNERLOKKA OSLO"
  id: "AT250800024000010012345"
  type: "DEBIT"
  memo: "LINA HANSEN-81023"
  Liabilities:CreditCard:Amex  -742.18 NOK
  Expenses:Groceries            742.18 NOK

2025-03-20 * "NETFLIX SUBSCRIPTION NFLXPAY" "NETFLIX SUBSCRIPTION NFLXPAY"
  id: "AT250800024000010006789"
  type: "DEBIT"
  memo: "LINA HANSEN-81023"
  Liabilities:CreditCard:Amex  -129.00 NOK

2025-03-20 * "BETALING MOTTATT TAKK" "BETALING MOTTATT TAKK"
  id: "AT250800024000010099999"
  type: "CREDIT"
  memo: "LINA HANSEN-81023"
  Liabilities:CreditCard:Amex  5000.00 NOK
